@incollection{NIPS2015_5638,
title = {Faster R-CNN: Towards Real-Time Object Detection with Region Proposal Networks},
author = {Ren, Shaoqing and He, Kaiming and Girshick, Ross and Sun, Jian},
booktitle = {Advances in Neural Information Processing Systems 28},
editor = {C. Cortes and N. D. Lawrence and D. D. Lee and M. Sugiyama and R. Garnett},
pages = {91--99},
year = {2015},
publisher = {Curran Associates, Inc.}}
}

@ARTICLE{7073635,
  author={M. {Kristan} and V. {Sulić Kenk} and S. {Kovačič} and J. {Perš}},
  journal={IEEE Transactions on Cybernetics}, 
  title={Fast Image-Based Obstacle Detection From Unmanned Surface Vehicles}, 
  year={2016},
  volume={46},
  number={3},
  pages={641-654},}
  
  @inproceedings{10.1117/12.2285607,
author = {Yueming Qin and Xiuzhi Zhang},
title = {{Robust obstacle detection for unmanned surface vehicles}},
volume = {10611},
booktitle = {MIPPR 2017: Remote Sensing Image Processing, Geographic Information Systems, and Other Applications},
editor = {Nong Sang and Jie Ma and Zhong Chen},
organization = {International Society for Optics and Photonics},
publisher = {SPIE},
pages = {340 -- 345},
keywords = {obstacle detection, USV},
year = {2018},
doi = {10.1117/12.2285607}}
}

@INPROCEEDINGS{5980509,
  author={H. K. {Heidarsson} and G. S. {Sukhatme}},
  booktitle={2011 IEEE International Conference on Robotics and Automation}, 
  title={Obstacle detection and avoidance for an Autonomous Surface Vehicle using a profiling sonar}, 
  year={2011},
  volume={},
  number={},
  pages={731-736},}
  
  
@incollection{sauze_tracking_2013,
	address = {Berlin, Heidelberg},
	title = {Tracking {Objects} {Using} {PHD} {Filter} for {USV} {Autonomous} {Capabilities}},
	isbn = {9783642330834 9783642330841},
	language = {en},
	urldate = {2020-09-03},
	booktitle = {Robotic {Sailing} 2012},
	publisher = {Springer Berlin Heidelberg},
	author = {Gal, Oren and Zeitouni, Eran},
	editor = {Sauzé, Colin and Finnis, James},
	year = {2013},
	doi = {10.1007/978-3-642-33084-1_1},
	pages = {3--12}
}

@INPROCEEDINGS{5278238,
  author={C. {Almeida} and T. {Franco} and H. {Ferreira} and A. {Martins} and R. {Santos} and J. M. {Almeida} and J. {Carvalho} and E. {Silva}},
  booktitle={OCEANS 2009-EUROPE}, 
  title={Radar based collision detection developments on USV ROAZ II}, 
  year={2009},
  volume={},
  number={},
  pages={1-6},}
  
  @INPROCEEDINGS{5650189,
  author={C. {Rasmussen} and Y. {Lu} and M. {Kocamaz}},
  booktitle={2010 IEEE/RSJ International Conference on Intelligent Robots and Systems}, 
  title={Trail following with omnidirectional vision}, 
  year={2010},
  volume={},
  number={},
  pages={829-836},}
  
  @INPROCEEDINGS{6386039,
  author={Y. {Lu} and C. {Rasmussen}},
  booktitle={2012 IEEE/RSJ International Conference on Intelligent Robots and Systems}, 
  title={Simplified markov random fields for efficient semantic labeling of 3D point clouds}, 
  year={2012},
  volume={},
  number={},
  pages={2690-2697},}
  
  @INPROCEEDINGS{5650402,
  author={A. {Rankin} and L. {Matthies}},
  booktitle={2010 IEEE/RSJ International Conference on Intelligent Robots and Systems}, 
  title={Daytime water detection based on color variation}, 
  year={2010},
  volume={},
  number={},
  pages={215-221},}
  
  @article{scherer_river_2012,
	title = {River mapping from a flying robot: state estimation, river detection, and obstacle mapping},
	volume = {33},
	issn = {0929-5593, 1573-7527},
	shorttitle = {River mapping from a flying robot},
	doi = {10.1007/s10514-012-9293-0},
	language = {en},
	number = {1-2},
	urldate = {2020-09-03},
	journal = {Autonomous Robots},
	author = {Scherer, Sebastian and Rehder, Joern and Achar, Supreeth and Cover, Hugh and Chambers, Andrew and Nuske, Stephen and Singh, Sanjiv},
	month = aug,
	year = {2012},
	pages = {189--214}
}

@INPROCEEDINGS{6070512,
  author={H. {Wang} and Z. {Wei} and S. {Wang} and C. S. {Ow} and K. T. {Ho} and B. {Feng}},
  booktitle={2011 IEEE 5th International Conference on Robotics, Automation and Mechatronics (RAM)}, 
  title={A vision-based obstacle detection system for Unmanned Surface Vehicle}, 
  year={2011},
  volume={},
  number={},
  pages={364-369},}
  
  @INPROCEEDINGS{4761344,
  author={S. {Fefilatyev} and D. {Goldgof}},
  booktitle={2008 19th International Conference on Pattern Recognition}, 
  title={Detection and tracking of marine vehicles in video}, 
  year={2008},
  volume={},
  number={},
  pages={1-4},}
  
  @inproceedings{zhu2019improved,
  title={An Improved APFM for Autonomous Navigation and Obstacle Avoidance of USVs.},
  author={Zhu, Xiaohui and Yue, Yong and Ding, Hao and Wu, Shunda and Li, MingSheng and Hu, Yawei},
  booktitle={ICINCO (2)},
  pages={401--408},
  year={2019}
}

@article{yan2010development,
  title={Development and missions of unmanned surface vehicle},
  author={Yan, Ru-jian and Pang, Shuo and Sun, Han-bing and Pang, Yong-jie},
  journal={Journal of Marine Science and Application},
  volume={9},
  number={4},
  pages={451--457},
  year={2010},
  publisher={Springer}
}

@article{bertram2008unmanned,
  title={Unmanned surface vehicles-a survey},
  author={Bertram, Volker},
  journal={Skibsteknisk Selskab, Copenhagen, Denmark},
  volume={1},
  pages={1--14},
  year={2008},
  publisher={Citeseer}
}

@inproceedings{redmon2016you,
  title={You only look once: Unified, real-time object detection},
  author={Redmon, Joseph and Divvala, Santosh and Girshick, Ross and Farhadi, Ali},
  booktitle={Proceedings of the IEEE conference on computer vision and pattern recognition},
  pages={779--788},
  year={2016}
}

@inproceedings{redmon2017yolo9000,
  title={YOLO9000: better, faster, stronger},
  author={Redmon, Joseph and Farhadi, Ali},
  booktitle={Proceedings of the IEEE conference on computer vision and pattern recognition},
  pages={7263--7271},
  year={2017}
}

@article{redmon2018yolov3,
  title={Yolov3: An incremental improvement},
  author={Redmon, Joseph and Farhadi, Ali},
  journal={arXiv preprint arXiv:1804.02767},
  year={2018}
}

@article{bochkovskiy2020yolov4,
  title={YOLOv4: Optimal Speed and Accuracy of Object Detection},
  author={Bochkovskiy, Alexey and Wang, Chien-Yao and Liao, Hong-Yuan Mark},
  journal={arXiv preprint arXiv:2004.10934},
  year={2020}
}

@article{kang2017contextual,
  title={Contextual region-based convolutional neural network with multilayer fusion for SAR ship detection},
  author={Kang, Miao and Ji, Kefeng and Leng, Xiangguang and Lin, Zhao},
  journal={Remote Sensing},
  volume={9},
  number={8},
  pages={860},
  year={2017},
  publisher={Multidisciplinary Digital Publishing Institute}
}

@article{wang2018study,
  title={Study on the combined application of CFAR and deep learning in ship detection},
  author={Wang, Ruifu and Li, Jie and Duan, Yaping and Cao, Hongjun and Zhao, Yingjie},
  journal={Journal of the Indian Society of Remote Sensing},
  volume={46},
  number={9},
  pages={1413--1421},
  year={2018},
  publisher={Springer}
}

@article{lin2018squeeze,
  title={Squeeze and excitation rank faster R-CNN for ship detection in SAR images},
  author={Lin, Zhao and Ji, Kefeng and Leng, Xiangguang and Kuang, Gangyao},
  journal={IEEE Geoscience and Remote Sensing Letters},
  volume={16},
  number={5},
  pages={751--755},
  year={2018},
  publisher={IEEE}
}

@article{shao2019saliency,
  title={Saliency-aware convolution neural network for ship detection in surveillance video},
  author={Shao, Zhenfeng and Wang, Linggang and Wang, Zhongyuan and Du, Wan and Wu, Wenjing},
  journal={IEEE Transactions on Circuits and Systems for Video Technology},
  volume={30},
  number={3},
  pages={781--794},
  year={2019},
  publisher={IEEE}
}

@article{long2020pp,
  title={PP-YOLO: An Effective and Efficient Implementation of Object Detector},
  author={Long, Xiang and Deng, Kaipeng and Wang, Guanzhong and Zhang, Yang and Dang, Qingqing and Gao, Yuan and Shen, Hui and Ren, Jianguo and Han, Shumin and Ding, Errui and others},
  journal={arXiv preprint arXiv:2007.12099},
  year={2020}
}

@INPROCEEDINGS {padillaCITE2020,
    author    = {R. {Padilla} and S. L. {Netto} and E. A. B. {da Silva}},
    title     = {A Survey on Performance Metrics for Object-Detection Algorithms}, 
    booktitle = {2020 International Conference on Systems, Signals and Image Processing (IWSSIP)}, 
    year      = {2020},
    pages     = {237-242},}Ï
    
@inproceedings{casalino2009three,
  title={A three-layered architecture for real time path planning and obstacle avoidance for surveillance USVs operating in harbour fields},
  author={Casalino, Giuseppe and Turetta, Alessio and Simetti, Enrico},
  booktitle={Oceans 2009-Europe},
  pages={1--8},
  year={2009},
  organization={IEEE}
}
@article{naeem2011evasive,
  title={Evasive decision making in uninhabited maritime vehicles},
  author={Naeem, Wasif and Irwin, George W},
  journal={IFAC Proceedings Volumes},
  volume={44},
  number={1},
  pages={12833--12838},
  year={2011},
  publisher={Elsevier}
}

@inproceedings{lin2014microsoft,
  title={Microsoft coco: Common objects in context},
  author={Lin, Tsung-Yi and Maire, Michael and Belongie, Serge and Hays, James and Perona, Pietro and Ramanan, Deva and Doll{\'a}r, Piotr and Zitnick, C Lawrence},
  booktitle={European conference on computer vision},
  pages={740--755},
  year={2014},
  organization={Springer}
}

@article{zoph2019learning,
  title={Learning data augmentation strategies for object detection},
  author={Zoph, Barret and Cubuk, Ekin D and Ghiasi, Golnaz and Lin, Tsung-Yi and Shlens, Jonathon and Le, Quoc V},
  journal={arXiv preprint arXiv:1906.11172},
  year={2019}
}

@article{takahashi2019data,
  title={Data augmentation using random image cropping and patching for deep cnns},
  author={Takahashi, Ryo and Matsubara, Takashi and Uehara, Kuniaki},
  journal={IEEE Transactions on Circuits and Systems for Video Technology},
  year={2019},
  publisher={IEEE}
}

@inproceedings{wang2020cspnet,
  title={CSPNet: A new backbone that can enhance learning capability of cnn},
  author={Wang, Chien-Yao and Mark Liao, Hong-Yuan and Wu, Yueh-Hua and Chen, Ping-Yang and Hsieh, Jun-Wei and Yeh, I-Hau},
  booktitle={Proceedings of the IEEE/CVF Conference on Computer Vision and Pattern Recognition Workshops},
  pages={390--391},
  year={2020}
}

@inproceedings{mustafah2012stereo,
  title={Stereo vision images processing for real-time object distance and size measurements},
  author={Mustafah, Yasir M and Noor, Rahizall and Hasbi, Hasbullah and Azma, Amelia Wong},
  booktitle={2012 international conference on computer and communication engineering (ICCCE)},
  pages={659--663},
  year={2012},
  organization={IEEE}
}

@article{cubuk2018autoaugment,
  title={Autoaugment: Learning augmentation policies from data},
  author={Cubuk, Ekin D and Zoph, Barret and Mane, Dandelion and Vasudevan, Vijay and Le, Quoc V},
  journal={arXiv preprint arXiv:1805.09501},
  year={2018}
}

@article{frid2018gan,
  title={GAN-based synthetic medical image augmentation for increased CNN performance in liver lesion classification},
  author={Frid-Adar, Maayan and Diamant, Idit and Klang, Eyal and Amitai, Michal and Goldberger, Jacob and Greenspan, Hayit},
  journal={Neurocomputing},
  volume={321},
  pages={321--331},
  year={2018},
  publisher={Elsevier}
}

@article{devries2017improved,
  title={Improved regularization of convolutional neural networks with cutout},
  author={DeVries, Terrance and Taylor, Graham W},
  journal={arXiv preprint arXiv:1708.04552},
  year={2017}
}

@article{janai2017computer,
  title={Computer vision for autonomous vehicles: Problems, datasets and state of the art},
  author={Janai, Joel and G{\"u}ney, Fatma and Behl, Aseem and Geiger, Andreas},
  journal={Arxiv},
  pages={arXiv--1704},
  year={2017}
}

@article{mahto2020refining,
  title={Refining Yolov4 for Vehicle Detection},
  author={Mahto, Pooja and Garg, Priyamm and Seth, Pranav and Panda, J},
  journal={International Journal of Advanced Research in Engineering and Technology (IJARET)},
  volume={11},
  number={5},
  year={2020}
}

@article{mandal2020object,
  title={Object Detection and Tracking Algorithms for Vehicle Counting: A Comparative Analysis},
  author={Mandal, Vishal and Adu-Gyamfi, Yaw},
  journal={arXiv preprint arXiv:2007.16198},
  year={2020}
}

@article{li2016hybrid,
  title={A hybrid path planning method in unmanned air/ground vehicle (UAV/UGV) cooperative systems},
  author={Li, Jianqiang and Deng, Genqiang and Luo, Chengwen and Lin, Qiuzhen and Yan, Qiao and Ming, Zhong},
  journal={IEEE Transactions on Vehicular Technology},
  volume={65},
  number={12},
  pages={9585--9596},
  year={2016},
  publisher={IEEE}
}

@article{zou2019object,
  title={Object detection in 20 years: A survey},
  author={Zou, Zhengxia and Shi, Zhenwei and Guo, Yuhong and Ye, Jieping},
  journal={arXiv preprint arXiv:1905.05055},
  year={2019}
}

@misc{labelme2016,
  author =       {Kentaro Wada},
  title =        {{labelme: Image Polygonal Annotation with Python}},
  howpublished = {\url{https://github.com/wkentaro/labelme}},
  year =         {2016}
}

@article{prasad2017video,
  title={Video processing from electro-optical sensors for object detection and tracking in a maritime environment: a survey},
  author={Prasad, Dilip K and Rajan, Deepu and Rachmawati, Lily and Rajabally, Eshan and Quek, Chai},
  journal={IEEE Transactions on Intelligent Transportation Systems},
  volume={18},
  number={8},
  pages={1993--2016},
  year={2017},
  publisher={IEEE}
}

@inproceedings{he2016deep,
  title={Deep residual learning for image recognition},
  author={He, Kaiming and Zhang, Xiangyu and Ren, Shaoqing and Sun, Jian},
  booktitle={Proceedings of the IEEE conference on computer vision and pattern recognition},
  pages={770--778},
  year={2016}
}

@article{meyes2019ablation,
  title={Ablation studies in artificial neural networks},
  author={Meyes, Richard and Lu, Melanie and de Puiseau, Constantin Waubert and Meisen, Tobias},
  journal={arXiv preprint arXiv:1901.08644},
  year={2019}
}

@inproceedings{sandler2018mobilenetv2,
  title={Mobilenetv2: Inverted residuals and linear bottlenecks},
  author={Sandler, Mark and Howard, Andrew and Zhu, Menglong and Zhmoginov, Andrey and Chen, Liang-Chieh},
  booktitle={Proceedings of the IEEE conference on computer vision and pattern recognition},
  pages={4510--4520},
  year={2018}
}

@article{pan2009survey,
  title={A survey on transfer learning},
  author={Pan, Sinno Jialin and Yang, Qiang},
  journal={IEEE Transactions on knowledge and data engineering},
  volume={22},
  number={10},
  pages={1345--1359},
  year={2009},
  publisher={IEEE}
}

@article{zhuang2020comprehensive,
  title={A comprehensive survey on transfer learning},
  author={Zhuang, Fuzhen and Qi, Zhiyuan and Duan, Keyu and Xi, Dongbo and Zhu, Yongchun and Zhu, Hengshu and Xiong, Hui and He, Qing},
  journal={Proceedings of the IEEE},
  year={2020},
  publisher={IEEE}
}

@inproceedings{qin2018robust,
  title={Robust obstacle detection for unmanned surface vehicles},
  author={Qin, Yueming and Zhang, Xiuzhi},
  booktitle={MIPPR 2017: Remote Sensing Image Processing, Geographic Information Systems, and Other Applications},
  volume={10611},
  pages={106111E},
  year={2018},
  organization={International Society for Optics and Photonics}
}

@article{ma2019paddlepaddle,
  title={PaddlePaddle: An open-source deep learning platform from industrial practice},
  author={Ma, Yanjun and Yu, Dianhai and Wu, Tian and Wang, Haifeng},
  journal={Frontiers of Data and Domputing},
  volume={1},
  number={1},
  pages={105--115},
  year={2019}
}

@inproceedings{larson2011lidar,
  title={Lidar based off-road negative obstacle detection and analysis},
  author={Larson, Jacoby and Trivedi, Mohan},
  booktitle={2011 14th International IEEE Conference on Intelligent Transportation Systems (ITSC)},
  pages={192--197},
  year={2011},
  organization={IEEE}
}

@inproceedings{soviany2018optimizing,
  title={Optimizing the trade-off between single-stage and two-stage deep object detectors using image difficulty prediction},
  author={Soviany, Petru and Ionescu, Radu Tudor},
  booktitle={2018 20th International Symposium on Symbolic and Numeric Algorithms for Scientific Computing (SYNASC)},
  pages={209--214},
  year={2018},
  organization={IEEE}
}

@article{duan2020corner,
  title={Corner proposal network for anchor-free, two-stage object detection},
  author={Duan, Kaiwen and Xie, Lingxi and Qi, Honggang and Bai, Song and Huang, Qingming and Tian, Qi},
  journal={arXiv preprint arXiv:2007.13816},
  year={2020},
  publisher={Springer}
}